<?xml version="1.0" encoding="UTF-8"?><collection xmlns="http://www.loc.gov/MARC21/slim"><record><leader>00541nam--2200133-i-4500</leader><controlfield tag="001">000026332</controlfield><controlfield tag="002">20161230</controlfield><controlfield tag="005">20161230201036</controlfield><controlfield tag="008">060222s1000------------r-----000-0-eng-d</controlfield><datafield ind1=" " ind2=" " tag="080"><subfield code="a">502.55:614.876(061.3)</subfield></datafield><datafield ind1=" " ind2=" " tag="245"><subfield code="a">International studies on the radio-ecology of the danube river. report the second advisory group meeting to study questions of mutual co-operation betweeen countries in the danube cathmer area and of the first research coordination meeting on problems ..</subfield></datafield><datafield ind1=" " ind2=" " tag="260"><subfield code="a">Vienna, Iaea, 1979, 222p</subfield></datafield><datafield ind1=" " ind2=" " tag="490"><subfield code="a">219</subfield></datafield><datafield ind1=" " ind2=" " tag="852"><subfield code="a">46690</subfield></datafield></record></collection>